01REMESSA                 0415000044020       EMPRESA TESTE LTDA - EP       041BANRISUL       120916                                                                                                                                                                                                                                                                                                      000001
1                0415000044020       1047MEE120920160049      0000000254                                   1010000155-  1209160000000017119041     08A12091609               0000000000000000000000000000000000000000000000100000967499044JOSE DA SILVA SAURO                     RUA DA FRENTE,1020 BAIRRO                           93080250PORTO ALEGRE   RS                  03                       000002
9                          0000000017119                                                                                                                                                                                                                                                                                                                                                                  000003
